IEEE

@STRING{IRE_J_IT		= "{IRE} Trans. Inf. Theory"}
@STRING{IEEE_P_ULTRA		= IEEE_J_PROC # " Symp. Ultrasonics"}
@STRING{IEEE_P_VPCC		= IEEE_J_PROC # " Veh. Power Propulsion Conf. (VPPC)"}
@STRING{IEEE_P_BIOC		= IEEE_J_PROC # " Bioengineering Conf."}
@STRING{IEEE_P_CICC		= IEEE_J_PROC # " Custom Integr. Circuits Conf. (CICC)"}
@STRING{IEEE_P_ICECS		= IEEE_J_PROC # " Int. Conf. Elect. Circuits Syst."}
@STRING{IEEE_P_ISCAS		= IEEE_J_PROC # " Int. Symp. Circuits Syst. (ISCAS)"}
@STRING{IEEE_P_ASICS		= IEEE_J_PROC # " Asia-Pacific Conf. ASIC"}
@STRING{IEEE_P_ESSCIRC		= IEEE_J_PROC # " Europian Solid-State Circuits Conf."}
@STRING{IEEE_P_ISSCC		= "IEEE Int. Solid-State Circuits Conf. (ISSCC) Dig. Tech. Papers"}
@STRING{IEEE_P_MOMUC		= IEEE_J_PROC # " Int. Workshop Mobile Multimedia Commun. (MoMuC)"}
@STRING{IEEE_P_WIMOB		= IEEE_J_PROC # " Int. Conf. Wireless Mobile Comput., Netw. Commun. (WiMob)"}
@STRING{IEEE_P_MASCOTS		= IEEE_J_PROC # " Int. Symp. Modeling, Anal. Simulation of Comput. Telecommun. Syst."}
@STRING{IEEE_P_PDIPS		= IEEE_J_PROC # " Int. Parallel Distrib. Process. Symp."}
@STRING{IEEE_P_WIRELESSCOM	= IEEE_J_PROC # " Int. Conf. Wireless Netw., Commun. Mobile Comput."}
@STRING{IEEE_P_WCNC		= IEEE_J_PROC # " Int. Wireless Commun. Netw. Conf."}
@STRING{IEEE_P_DRPT		= IEEE_J_PROC # " Int. Conf. Elect. Utility Deregulation, Restructuring Power Technol."}
@STRING{IEEE_P_ICNSC		= IEEE_J_PROC # " Int. Conf. Netw. Sens. Contr."}
@STRING{IEEE_P_INFOCOM		= IEEE_J_PROC # " Int. Conf. Comput. Commun."}
@STRING{IEEE_P_SENSORS		= IEEE_J_PROC # " Conf. Sensors"}
@STRING{IEEE_P_WMCSA		= IEEE_J_PROC # " Workshop Mobile Comput. Syst. Appl."}
@STRING{IEEE_P_CSIC		= IEEE_J_PROC # " Compound Semicond. Integr. Circuit Symp."}
@STRING{IEEE_P_RTAS		= IEEE_J_PROC # " Real-Time Embedded Technol. Appl. Symp. (RTAS)"}
@STRING{IEEE_P_MOBIHOC		= "Proc. Annual Workshop Mobile Ad Hoc Netw. Comput."}
@STRING{IEEE_P_ICC		= IEEE_J_PROC # " Int. Conf. Commun. (ICC)"}
@STRING{IEEE_P_VTC		= IEEE_J_PROC # " Veh. Technol. Conf."}
@STRING{IEEE_P_AUTOID		= IEEE_J_PROC # " Workshop Autom. Identification Adv. Technol."}
@STRING{IEEE_P_ICM		= "Proc. Int. Conf. Microelect."}
@STRING{IEEE_P_SIRF		= IEEE_J_PROC # " Topical Meeting Silicon Monolithic Integr. Circiuts in RF Syst. (SiRF)"}
@STRING{IEEE_P_GREENCOMM	= IEEE_J_PROC # " Workshop Green Commun. (GreenComm)"}
@STRING{IEEE_P_GREENCOM_CPSCOM	= IEEE_J_PROC # " Int. Conf. on Green Comput. and Commun. \& Int. Conf. on Cyber, Physical and Social Comput. (GREENCOM-CPSCOM)"}
@STRING{IEEE_P_ISCC		= IEEE_J_PROC # " Int. Symp. Cumputers Commun. (ISCC)"}
@STRING{IEEE_P_HOTMOBILE	= IEEE_J_PROC # " Workshop on Mobile Comput. Syst. Appl. (HOTMOBILE)"}
@STRING{IEEE_P_ASICON		= IEEE_J_PROC # " Intl. Conf. ASIC (ASICON)"}
@STRING{IEEE_P_ICCCN		= "Proc. Int. Conf. Comput. Commun. Netw. (ICCCN)"}
@STRING{IEEE_P_RFIC		= IEEE_J_PROC # " Radio Freq. Integr. Circuits Symp. (RFIC)"}
@STRING{IEEE_P_RAWCON		= IEEE_J_PROC # " Radio Wireless Symp. (RAWCON)"}
@STRING{IEEE_P_W_VITAE		= IEEE_J_PROC # " Int. Conf. Wireless Commun., Veh. Technol., Info. Theory Aerospace \& Elect. Syst. Technol. (Wireless Vitae)"}
@STRING{IEEE_P_GLOBECOM		= IEEE_J_PROC # " Global Telecommun. Conf. (GLOBECOM)"}
@STRING{IEEE_P_GLOBECOMW	= IEEE_J_PROC # " Global Telecommun. Conf. (GLOBECOM) Workshops"}
@STRING{IEEE_P_COMSWARE		= "Proc. Int. Conf. Commun. Syst. Software Middleware (COMSWARE)"}
@STRING{IEEE_P_IEDM		= IEEE_J_PROC # " Int. Elect. Devices Meeting (IEDM)"}
@STRING{IEEE_P_ICSPS		= "Proc. Int. Conf. Signal Process. Syst."}
@STRING{IEEE_P_PORTABLE		= IEEE_J_PROC # " Int. Conf. Portable Info. Devices (PORTABLE)"}
@STRING{IEEE_P_MSCS		= "Proc. Midwest Symp. Circuits Syst."}
@STRING{IEEE_P_CHINACOM		= "Proc. Int. Conf. Commun. Netw. China (ChinaCom)"}
@STRING{IEEE_P_SECON		= IEEE_J_PROC # " Commun. Soc. Conf. Sensor, Mesh and Ad Hoc Commun. and Netw. (SECON)"}
@STRING{IEEE_P_SNPA		= IEEE_J_PROC # " Int. Workshop Sensor Netw. Protocols Appl."}
@STRING{IEEE_P_BIO_WIRELESS	= IEEE_J_PROC # " Topical Conf. Biomedical Radio and Wireless Technol., Netw., Sensing Syst."}
@STRING{IEEE_P_PIMRC		= IEEE_J_PROC # " Int. Symp. Personal, Indoor and Mobile Radio Commun. (PIMRC)"}
@STRING{IEEE_P_ISWC		= IEEE_J_PROC # " Int. Symp. Wearable Computers (ISWC)"}
@STRING{IEEE_P_APSCC		= IEEE_J_PROC # " Asia-Pacific Services Comput. Conf. (APSCC)"}
@STRING{IEEE_P_RO_MAN		= IEEE_J_PROC # " Int. Symp. Robot Human Interactive Commun. (RO-MAN)"}
@STRING{IEEE_P_ISM		= IEEE_J_PROC # " Int. Symp. Multimedia"}
@STRING{IEEE_P_ICADIWT		= IEEE_J_PROC # " Int. Conf. Appl. Digital Info. Web Technol. (ICADIWT)"}
@STRING{IEEE_P_CASON		= IEEE_J_PROC # " Int. Conf. Comput. Aspects Social Netw. (CASoN)"}
@STRING{IEEE_P_MULMED		= IEEE_J_PROC # " Int. Conf. Multimedia and Expo"}
@STRING{IEEE_P_CCNC		= IEEE_J_PROC # " Consumer Commun. Netw. Conf. (CCNC)"}
@STRING{IEEE_P_RIISS		= IEEE_J_PROC # " Workshop Robotic Intelligence Informationally Structured Space (RIISS)"}
@STRING{IEEE_P_ICASSP		= IEEE_J_PROC # " Int. Conf. Acoustics, Speech, Signal Process. (ICASSP)"}
@STRING{IEEE_P_ISWPC		= "Proc. Int. Symp. Wireless Pervasive Comput. (ISWPC)"}
@STRING{IEEE_P_VLSIC		= "Proc. Symp. VLSI Circuits (VLSIC)"}
@STRING{IEEE_P_PERCOM		= IEEE_J_PROC # " Int. Conf. Pervasive Comput. Commun. (PerCom)"}
@STRING{IEEE_P_WTS		= IEEE_J_PROC # " Wireless Telecommun. Symp. (WTS)"}
@STRING{IEEE_P_IC_NIDC		= IEEE_J_PROC # " Int. Conf. Netw. Infra. Digital Content (IC-NIDC)"}
@STRING{IEEE_P_ICNP		= IEEE_J_PROC # " Int. Conf. Netw. Protocols (ICNP)"}
@STRING{IEEE_P_AINA		= IEEE_J_PROC # " Int. Conf. Adv. Info. Netw. Appl. (AINA)"}
@STRING{IEEE_P_MASS		= IEEE_J_PROC # " Int. Conf. Mobile Ad-Hoc Sensor Syst. (MASS)"}
@STRING{IEEE_P_SOCC		= IEEE_J_PROC # " Int. SOC Conf. (SOCC)"}
@STRING{IEEE_P_DCC		= "Proc. Data Compression Conf. (DCC)"}
@STRING{IEEE_P_UIC		= IEEE_J_PROC # " Int. Conf. Ubiquitous Intelligence Comput. (UIC)"}
@STRING{IEEE_D_PERCOM		= IEEE_J_PROC # " Int. Conf. Pervasive Comput. Commun. (PerCom), Demo"}


ACM

@STRING{ACM_J_ACM		= "J. ACM"}
@STRING{ACM_J_COM		= "Commun. ACM"}
@STRING{ACM_J_MOBNET_APPL	= "Mobile Netw. Appl."}
@STRING{ACM_J_PROC		= "Proc. {ACM}"}
@STRING{ACM_J_SIGOPS_OSR	= ACM_J_PROC # " Operating Syst. Review (SIGOPS-OSR)"}
@STRING{ACM_J_SIGCOMM_CCR	= "ACM SIGCOMM Computer Commun. Review (CCR)"}
@STRING{ACM_J_WINET		= "Wireless Networks"}
@STRING{ACM_J_TOCHI		= "ACM Trans. Comput.-Human Interaction (TOCHI)"}
@STRING{ACM_J_TOSN		= "ACM Trans. Sensor Netw. (TOSN)"}
@STRING{ACM_P_ASPLOS		= ACM_J_PROC # " Int. Conf. Archit. Support for Prog. Lang. Operating Syst. (ASPLOS)"}
@STRING{ACM_P_MOBICOM		= ACM_J_PROC # " Int. Conf. Mobile Comput. Netw. (MobiCom)"}
@STRING{ACM_P_MOBISYS		= ACM_J_PROC # " Int. Conf. Mobile Syst. Appl. Services (MobiSys)"}
@STRING{ACM_P_SOSP		= ACM_J_PROC # " Symp. Operating Syst. Principles"}
@STRING{ACM_P_DATE		= "Proc. Conf. Design, Automation Test in Europe"}
@STRING{ACM_P_UBICOMP		= ACM_J_PROC # " Conf. Ubiq. Comput."}
@STRING{ACM_P_UBICOMP_ADJ	= ACM_J_PROC # " Conf. Adjunct Ubiquitous Computing (Ubicomp Adjunct)"}
@STRING{ACM_P_WASUN		= ACM_J_PROC # " Workshop Performance Eval. Wireless Ad Hoc, Sensor Ubiq. Netw."}
@STRING{ACM_P_SENSYS		= ACM_J_PROC # " Conf. Embedded Netw. Sensor Syst. (SenSys)"}
@STRING{ADM_P_SENSEID		= ACM_J_PROC # " SenseID Workshop at " # ACM_P_SENSYS}
@STRING{ACM_P_IPSN		= "Proc. Int. Conf. Info. Process. Sensor Netw. (IPSN)"}
@STRING{ACM_P_WWW		= "Proc. Int. Conf. World Wide Web (WWW)"}
@STRING{ACM_P_WSNA		= ACM_J_PROC # " Int. Workshop on Wireless Sensor Netw. Appl. (WSNA)"}
@STRING{ACM_P_GLSVLSI		= "Proc. Great Lakes Symp. VLSI (GLSVLSI)"}
@STRING{ACM_P_MOBIHOC		= ACM_J_PROC # " Int. Symp. Mobile Ad Hoc Netw. Comput. (MobiHoc)"}
@STRING{ACM_P_MOBIMEDIA		= ACM_J_PROC # " Int. Mobile Multimedia Commun. Conf. (MobiMedia)"}
@STRING{ACM_P_WINTECH		= ACM_J_PROC # " Int. Workshop Experimental Eval. Characterization (WinTECH)"}
@STRING{ACM_P_CONEXT		= ACM_J_PROC # " Int. Conf. Emerging Netw. Experiments and Technol. (CoNEXT)"}
@STRING{ACM_P_CHI		= ACM_J_PROC # " CHI Conf. Human Factors Comput. Syst. (CHI)"}
@STRING{ACM_P_CHI_EA		= ACM_J_PROC # " CHI Conf. Extd. Abst. Human Factors Comput. Syst. (CHI EA)"}
@STRING{ACM_P_IUI		= ACM_J_PROC # " Int. Conf. Intelligent User Interfaces (IUI)"}
@STRING{ACM_P_HCII		= "ACM Int. Conf. Human-Computer Interaction (HCI)"}
@STRING{ACM_P_PETRA		= ACM_J_PROC # " Int. Conf Pervasive Technol. Related to Assistive Environments (PETRA)"}
@STRING{ACM_P_MMM		= ACM_J_PROC # " Int. Multimedia Modeling Conf. (MMM)"}
@STRING{ACM_P_CEA2009		= ACM_J_PROC # " Multimedia 2009 Workshop Multimedia Cooking and Eating Activities (CEA)"}
@STRING{ACM_P_IOT		= "Proc. Int. Conf. Internet of Things (IoT)"}
@STRING{ACM_P_IVA		= "Proc. Int. Conf. Intelligent Virtual Agents (IVA)"}
@STRING{ACM_P_PERSUASIVE	= "Proc. Int. Conf. Persuasive Technol. (PERSUASIVE)"}
@STRING{ACM_P_MULTIMEDIA	= ACM_J_PROC # " Int. Conf. Multimedia (MULTIMEDIA)"}
@STRING{ACM_P_PERVASIVE		= ACM_J_PROC # " Int. Conf. Pervasive Comput. (PERVASIVE)"}
@STRING{ACM_P_PCM		= ACM_J_PROC # " Pacific Rim Conf. Multimedia (PCM)"}
@STRING{ACM_P_EICS		= ACM_J_PROC # " SIGCHI Symp. Engineering Interactive Comput. Syst. (EICS)"}
@STRING{ACM_P_ACE		= ACM_J_PROC # " Int. Conf. Advances Comput. Entertainment Technol. (ACE)"}
@STRING{ACM_P_SESENA		= ACM_J_PROC # " Workshop Software Engineering Sensor Netw. Appl. (SESENA)"}
@STRING{ACM_P_ACCESSNETS	= ACM_J_PROC # " Int. Conf. Access Netw. (AccessNets)"}
@STRING{ACM_P_MELT		= ACM_J_PROC # " Int. Workshop Mobile Entity Localization Tracking GPS-less Environments (MELT)"}
@STRING{ACM_D_SENSYS		= "ACM Conf. Embedded Netw. Sensor Syst. (SenSys) Demo"}
@STRING{ACM_D_HOTMOBILE		= "Proc. Int. Workshop Mobile Comput. Syst. Appl. (HotMobile), Demo"}
@STRING{ACM_DP_IPSN		= "Proc. Int. Conf. Info. Process. Sensor Netw. (IPSN) Poster"}

@STRING{ACM_LNCS		= "LNCS"}
@STRING{ACM_LNAI		= "LNAI"}
@STRING{ACM_LNICST		= "LNICST"}


IET

@STRING{IET_J_COMP_CONT_ENG	= "Comput. Contr. Eng. J."}


Miscellaneous

@STRING{MISC_J_SCI_EXP		= "Sci. Express"}
@STRING{MISC_J_ANN_PHY		= "Ann. Phys."}
@STRING{MISC_J_APP_ENERGY	= "Applied Energy"}
@STRING{MISC_J_MD_BG		= "Med. Biol. Eng. Comput."}
@STRING{MISC_J_SNAC_PHY		= "Sensors Actuators A: Phys."}
@STRING{MISC_J_NANOBIO		= "IET Nanobiotechnology"}
@STRING{MISC_J_IET_CIRC_DEV_SYS	= "IET Circuits, Devices Syst."}
@STRING{MISC_J_BIOMDEV		= "Biomed. Microdevices"}
@STRING{MISC_J_ECE		= "Embedded Contr. Europe Mag."}
@STRING{MISC_J_INET_MATH	= "J. Internet Math."}
@STRING{MISC_J_PANA_TECH	= "Matsushita Tech. J."}
@STRING{MISC_J_APP_PHY		= "J. Appl. Phys."}
@STRING{MISC_J_SSCOM		= "Solid State Commun."}
@STRING{MISC_J_ADV_MATER	= "Adv. Mater."}
@STRING{MISC_J_PHYS_REV_B	= "Phys. Rev. B"}
@STRING{MISC_J_IJWIN		= "Int. J. Wireless Inf. Netw."}
@STRING{MISC_J_IJSNET		= "Int. J. Sensor Netw."}
@STRING{MISC_J_MSCI_TECH	= "J. Meas. Sci. and Technol."}
@STRING{MISC_J_PHY_MEAS		= "J. Physiol. Meas."}
@STRING{MISC_J_VLSI_SIGP	= "J. VLSI Signal Process."}
@STRING{MISC_J_EURASIP		= "EURASIP J. Appl. Signal Process."}
@STRING{MISC_J_CLI_HYPER	= "J. Clinical Hypertension"}
@STRING{MISC_J_EURONEURO	= "European Neuropsychopharmacology"}
@STRING{MISC_J_INTNEURO		= "Int J. Neuropsychopharmacology"}
@STRING{MISC_J_AMJPSY		= "Am. J. Psychiatry"}
@STRING{MISC_J_OP_PHARMACOL	= "Open Pharmacology J."}
@STRING{MISC_J_SAND_CARING_SCI	= "Scandinavian J. Caring Sci."}
@STRING{MISC_J_BELL_SYST	= "Bell Syst. Tech. J."}
@STRING{MISC_J_SIAM		= "J. Soc. Indust. Appl. Math."}
@STRING{MISC_J_SIAM_COM		= "SIAM J. Comput."}
@STRING{MISC_J_AI_MAG		= "AI Mag."}
@STRING{MISC_J_SM_HOME		= "Int. J. Smart Home"}
@STRING{MISC_J_ROB_MECH		= "J. Robotics Mechatronics"}
@STRING{MISC_J_PER_UBICOMP	= "J. Personal Ubiq. Comput."}
@STRING{MISC_J_OPR_MANAG	= "J. Operations Management"}
@STRING{MISC_J_COM_COM		= "J. Comput. Commun."}
@STRING{MISC_J_INF_CTL		= "Info. Contr."}
@STRING{MISC_J_PMCJ		= "Pervasive Mobile Comput."}
@STRING{MISC_J_JCM		= "J. Commun."}
@STRING{MISC_J_CTA		= "J. Contr. Theory Appl."}
@STRING{MISC_JL_APP_PHY		= "Appl. Phys. Lett."}
@STRING{MISC_JL_NANO		= "Nano Lett."}
@STRING{MISC_P_ICREPQ		= "Proc. Int. Conf. Renewable Energies Power Quality (ICREPQ)"}
@STRING{MISC_P_SENSORCOMM	= "Proc. Int. Conf. Sensor Technol. Appl."}
@STRING{MISC_P_ISLPED		= "Proc. Int. Symp. Low Power Elect. Design"}
@STRING{MISC_P_MICRO		= "Proc. Annual {IEEE/ACM} Int. Symp. Microarchit."}
@STRING{MISC_P_INSS		= "Proc. Int. Workshop Netw. Sens. Syst. (INSS)"}
@STRING{MISC_P_IMOC		= "Proc. {SBMO/IEEE MTT-S} Int. Microwave and Optoelect. Conf. (IMOC)"}
@STRING{MISC_P_MWSYM		= "Proc. {IEEE/MTT-S} Int. Microwave Symp."}
@STRING{MISC_P_EUSIPCO		= "Proc. European Signal Process. Conf. (EUSIPCO)"}
@STRING{MISC_P_ICACT		= "Proc. Int. Conf. Adv. Commun. Technol. (ICACT)"}
@STRING{MISC_P_EUMC		= "Proc. European Microwave Conf. (EuMC)"}
@STRING{MISC_P_NSDI		= "Proc. USENIX Symp. Netw. Syst. Design and Implementation (NSDI)"}
@STRING{MISC_P_CSA		= "Proc. Int. Symp. Comput. Science and its Appl. (CSA)"}
@STRING{MISC_P_AWD_FMCS		= "Proc. Int. Symp. Acoustic Wave Devices for Future Mobile Commun. Syst."}
@STRING{MISC_P_IMPACT		= "Proc. Int. Multimedia, Signal Process. Commun. Technol. (IMPACT)"}
@STRING{MISC_P_PERV_HEALTH	= "Proc. Int. Conf. Pervasive Comput. Technol. Healthcare"}
@STRING{MISC_P_ICCE		= "Int. Conf. Consumer Elect. (ICCE) Dig. Tech. Papers"}
@STRING{MISC_P_VLSID		= "Int. Conf. VLSI Design (VLSID)"}
@STRING{MISC_P_ASP_DAC		= "Asia and South Pacific Design Automation Conf. (ASP-DAC)"}
@STRING{MISC_P_MMCN		= "Proc. Multimedia Commun. Netw. (MMCN)"}
@STRING{MISC_P_MOBIQUITOUS	= "Proc. Int. Conf. on Mobile and Ubiquitous Syst.: Comput., Netw., Services (Mobiquitous)"}
@STRING{MISC_P_BROADNETS	= "Proc. Int. Conf. Broadband Commun., Netw., Syst. (BROADNETS)"}
@STRING{MISC_P_HOTEMNETS	= "Proc. Workshop Hot Topics Embedded Netw. Sensors (HotEmNets)"}
@STRING{MISC_P_SCD		= "Proc. Semicond. Conf. Dresden (SCD)"}
@STRING{MISC_P_BCS_HCI		= "Proc. British HCII Group Annual Conf. People Computers: Celebrating People Technol. (BCS-HCI)"}
@STRING{MISC_P_IROS		= "Proc. {IEEE/RSJ} Int. Conf. Intelligent Robots Systems (IROS)"}
@STRING{MISC_P_IMECS		= "Proc. Int. MultiConf. Engineers Computer Scientists"}
@STRING{MISC_P_IRAL		= "Proc. Int. Workshop Info. Retrieval Asian Languages (IRAL)"}
@STRING{MISC_P_ICRERA		= "Proc. Int. Conf. Renewable Energy Research Appl. (ICRERA)"}
@STRING{MISC_P_BODYNETS		= "Proc. Int. Conf. Body Area Netw. (BodyNets)"}
@STRING{MISC_A_CONEXT_SW	= "Extd. Abst. ACM CoNEXT Student Workshop"}


IEICE

@STRING{IEICEJ_J_		= "信学論"}
@STRING{IEICEJ_J_A		= IEICEJ_J_ # "(A)"}
@STRING{IEICEJ_J_B		= IEICEJ_J_ # "(B)"}
@STRING{IEICEJ_J_C		= IEICEJ_J_ # "(C)"}
@STRING{IEICEJ_J_D		= IEICEJ_J_ # "(D)"}
@STRING{IEICEJ_J_FR		= "IEICE Fundamentals Rev."}
@STRING{IEICEJ_ST		= "信学総大"}
@STRING{IEICEJ_SO		= "信学ソ大"}
@STRING{IEICEJ_T		= "信学技報"}
@STRING{IEICEJ_T_ASN		= "知的環境とセンサネットワーク研究会"}
@STRING{IEICEJ_T_AP		= "アンテナ・伝播研究会"}
@STRING{IEICEJ_T_SPS		= "宇宙太陽発電時限研究専門委員会研究会"}
@STRING{IEICEJ_T_IN		= "情報ネットワーク研究会"}
@STRING{IEICEJ_T_RCS		= "無線通信システム研究会"}
@STRING{IEICEJ_T_RRRC		= "高信頼制御通信研究会"}
@STRING{IEICEJ_T_SN		= "センサネットワーク研究会"}
@STRING{IEICEJ_T_AN		= "アドホックネットワーク研究会"}
@STRING{IEICEJ_T_NS		= "ネットワークシステム研究会"}
@STRING{IEICEJ_T_CS		= "通信方式研究会"}
@STRING{IEICEJ_T_MVE		= "マルチメディア・仮想環境基礎研究会"}
@STRING{IEICEJ_T_MOMUC		= "モバイルマルチメディア通信研究会"}
@STRING{IEICEJ_T_MONA		= "モバイルネットワークとアプリケーション研究会"}

@STRING{IEICE_J_		= "{IEICE} Trans."}
@STRING{IEICE_J_A		= IEICE_J_ # "(A)"}
@STRING{IEICE_J_B		= IEICE_J_ # "(B)"}
@STRING{IEICE_J_C		= IEICE_J_ # "(C)"}
@STRING{IEICE_J_D		= IEICE_J_ # "(D)"}
@STRING{IEICE_T			= "IEICE Tech. Rep."}
@STRING{IEICE_T_NS		= "Tech. Committee Netw. Syst."}

@STRING{IEICE_C_APSITT		= "Proc. Asia-Pacific Symp. Info. Telecommun. Technol. (APSITT)"}


IPSJ

@STRING{IPSJJ_T_		= "情報処理学会研究報告"}
@STRING{IPSJJ_T_UBI		= "ユビキタスコンピューティングシステム研究会"}
@STRING{IPSJJ_T_ITS		= "高度交通システム研究会"}
@STRING{IPSJJ_T_MBL		= "モバイルコンピューティングとユビキタス通信研究会"}
@STRING{IPSJJ_T_SE		= "ソフトウェア工学研究会"}


IEE

@STRING{IEE_J_PROC_COM		= "IEE Proc.-Commun."}
@STRING{IEEJ_M			= "電気学会誌"}
@STRING{IEEJ_P_AM_EN_ST		= "電気学会自動車研究会 自動車用エネルギーストレージ"}
@STRING{IEEJ_P_APP_INDS		= "電気学会産業応用部門大会"}


Miscellaneous_Japanese

@STRING{MISCJ_T_SHARP		= "シャープ技報"}
@STRING{MISCJ_JSSST		= "日本ソフトウェア科学会"}
@STRING{MISCJ_J_NTT		= "NTT技術ジャーナル"}
